@article {refugeefactsheet,
    title = {Refugees and Internally Displaced Persons Factsheet},
    organization = {European Commision Humanitarian Aid and Civil Protection},
    address = {B-1049 Brussels, Belgium},
    month = {June},
    year = {2015}
}

@manual{UNStatement,
    author = {United Nations High Commissioner for Refugees},
    title = {UNHCR Mission Statement},
    howpublished = {\url{http://www.unhcr.org/pages/49ed83046}},
    note = {Accessed: 31st January, 2016}
}

@book{lawler,
    author = {Lawler, G.},
    title = {Introduction to Stochastic Processes},
    publisher = {Chapman and Hall}
}

@book{bertsekas,
    author = {Bertsimas, D. and Tsitsiklis, J.},
    title = {Introduction to Linear Optimization},
    publisher = {Athena Scientific}
}

@misc{twocurve,
    author = {Stimpson, J.},
    title = {Finding All Paths On Undirected Graph},
    howpublished = {\url{http://mathoverflow.net/questions/18603/finding-all-paths-on-undirected-graph}}
}